<?xml version="1.0" encoding="UTF-8"?><collection xmlns="http://www.loc.gov/MARC21/slim"><record><leader>00577nam--2200193-i-4500</leader><controlfield tag="001">000044620</controlfield><controlfield tag="002">20161230</controlfield><controlfield tag="005">20161230201044</controlfield><controlfield tag="008">060222s1000------------r-----000-0-ger-d</controlfield><datafield ind1=" " ind2=" " tag="040"><subfield code="a">IFIN-HH</subfield></datafield><datafield ind1=" " ind2=" " tag="041"><subfield code="a">ger</subfield></datafield><datafield ind1=" " ind2=" " tag="080"><subfield code="a">621.311.2:621.039</subfield></datafield><datafield ind1="1" ind2=" " tag="100"><subfield code="a">Weckesser, August</subfield></datafield><datafield ind1="1" ind2="0" tag="245"><subfield code="a">Betrieb von kernkraftwerke. operation of nuclear power station</subfield><subfield code="b">Thiemig-taschenbucher band 37</subfield><subfield code="c">August weckesser</subfield></datafield><datafield ind1=" " ind2=" " tag="260"><subfield code="a">Munchen,</subfield><subfield code="b">Verlag Karl Thiemig Kg</subfield><subfield code="c">1969</subfield></datafield><datafield ind1=" " ind2=" " tag="300"><subfield code="a">168P</subfield></datafield><datafield ind1=" " ind2=" " tag="490"><subfield code="a">Thiemig-taschenbucher</subfield><subfield code="v">Band 37</subfield></datafield><datafield ind1=" " ind2=" " tag="852"><subfield code="a">19423</subfield><subfield code="c">539</subfield></datafield><datafield ind1=" " ind2=" " tag="CAT"><subfield code="a">Sys</subfield><subfield code="c">20110928</subfield><subfield code="h">165620</subfield></datafield></record></collection>